<?xml version="1.0" encoding="UTF-8"?><collection xmlns="http://www.loc.gov/MARC21/slim"><record><leader>00412nam--2200133-i-4500</leader><controlfield tag="001">000023417</controlfield><controlfield tag="002">20161230</controlfield><controlfield tag="005">20161230201035</controlfield><controlfield tag="008">060222s1000------------r-----000-0-eng-d</controlfield><datafield ind1=" " ind2=" " tag="080"><subfield code="a">546-15:621.039.8(047)(061)</subfield></datafield><datafield ind1=" " ind2=" " tag="245"><subfield code="a">Iodine-123 in western europe.production.application.distribution</subfield></datafield><datafield ind1=" " ind2=" " tag="260"><subfield code="a">Lulich,Kernforschungsanlage, 1976. Ix+202p</subfield></datafield><datafield ind1=" " ind2=" " tag="700"><subfield code="a">Qaim, S.M., Stocklin, G. And Weinreich, R</subfield></datafield><datafield ind1=" " ind2=" " tag="852"><subfield code="a">27198</subfield></datafield></record></collection>